@inproceedings{c1,
  title={Incentives build robustness in BitTorrent},
  author={Cohen, Bram},
  booktitle={Workshop on Economics of Peer-to-Peer systems},
  volume={6},
  pages={68--72},
  year={2003}
}
@INPROCEEDINGS{c2,
author={Xiangying Yang and G. de Veciana},
booktitle={IEEE INFOCOM 2004},
title={Service capacity of peer to peer networks},
year={2004},
volume={4},
pages={2242-2252 vol.4},
keywords={peer-to-peer computing;telecommunication security;telecommunication traffic;BitTorrent;bursty traffic;peer to peer file sharing application;peer to peer network;service capacity;Application software;Computer networks;Context-aware services;Delay;Distributed computing;Grid computing;IP networks;Network servers;Peer to peer computing;Telecommunication traffic},
doi={10.1109/INFCOM.2004.1354647},
ISSN={0743-166X},
month={March},
}
@article{c3,
  title={A note on insensitivity in stochastic networks},
  author={Zachary, Stan},
  journal={Journal of applied probability},
  volume={44},
  number={01},
  pages={238--248},
  year={2007},
  publisher={Cambridge Univ Press}
}
@article{c4,
 ISSN = {10505164},
 URL = {http://www.jstor.org/stable/1193213},

 author = {H. Christian Gromoll and Amber L. Puha and Ruth J. Williams},
 journal = {The Annals of Applied Probability},
 number = {3},
 pages = {797-859},
 publisher = {Institute of Mathematical Statistics},
 title = {The Fluid Limit of a Heavily Loaded Processor Sharing Queue},
 volume = {12},
 year = {2002}
}
@book{c5,
  title={Stochastic networks and queues},
  author={Robert, Philippe},
  volume={52},
  year={2013},
  publisher={Springer Science \& Business Media}
}
@inproceedings{c6,
 author = {Ferragut, Andres and Paganini, Fernando},
 title = {Content Dynamics in P2P Networks from Queueing and Fluid Perspectives},
 booktitle = {Proceedings of the 24th International Teletraffic Congress},
 series = {ITC '12},
 year = {2012},
 isbn = {978-1-4503-1896-9},
 location = {Krakow, Poland},
 pages = {11:1--11:8},
 articleno = {11},
 numpages = {8},
 url = {http://dl.acm.org/citation.cfm?id=2414276.2414290},
 acmid = {2414290},
 publisher = {International Teletraffic Congress},
}
@article{c7,
  title={Fairness, incentives and performance in peer-to-peer networks},
  author={De Veciana, Gustavo and Yang, Xiangying},
  journal={Seeds},
  volume={250},
  number={300},
  pages={350},
  year={2003}
}
@article{c8,
 author = {Qiu, Dongyu and Srikant, R.},
 title = {Modeling and Performance Analysis of BitTorrent-like Peer-to-peer Networks},
 journal = {SIGCOMM Comput. Commun. Rev.},
 issue_date = {October 2004},
 volume = {34},
 number = {4},
 month = aug,
 year = {2004},
 issn = {0146-4833},
 pages = {367--378},
 numpages = {12},
 url = {http://doi.acm.org/10.1145/1030194.1015508},
 doi = {10.1145/1030194.1015508},
 acmid = {1015508},
 publisher = {ACM},
 address = {New York, NY, USA},
 keywords = {fluid model, game theory, peer-to-peer networks},
}
@article{c9,
title = "Multiclass \{P2P\} networks: Static resource allocation for service differentiation and bandwidth diversity ",
journal = "Performance Evaluation ",
volume = "62",
number = "1–4",
pages = "32 - 49",
year = "2005",
note = "Performance 200524th International Symposium on Computer Performance, Modeling, Measurements and Evaluation ",
issn = "0166-5316",
doi = "http://dx.doi.org/10.1016/j.peva.2005.07.017",
url = "//www.sciencedirect.com/science/article/pii/S0166531605000969",
author = "Florence Clévenot-Perronnin and Philippe Nain and Keith W. Ross"
}
@INPROCEEDINGS{c10,
author={F. Paganini and A. Ferragut},
booktitle={2012 46th Annual Conference on Information Sciences and Systems (CISS)},
title={PDE models for population and residual work applied to peer-to-peer networks},
year={2012},
pages={1-6},
keywords={feedback;frequency-domain analysis;partial differential equations;peer-to-peer computing;random processes;stability;P2P networks;PDE models;completion times;control-theoretic methods;download progress;equilibrium local stability analysis;equilibrium variability analysis;feedback loop;file sharing;frequency domain;partial differential equations;peer population workloads;peer residual workloads;peer-to-peer networks;random noise;small-gain argument;transient studies;Differential equations;Mathematical model;Peer to peer computing;Queueing analysis;Sociology;Stability analysis;Statistics},
doi={10.1109/CISS.2012.6310760},
month={March}
}
@Inbook{c11,
author="Leibnitz, Kenji
and Ho{\ss}feld, Tobias
and Wakamiya, Naoki
and Murata, Masayuki",
editor="Ijspeert, Auke Jan
and Masuzawa, Toshimitsu
and Kusumoto, Shinji",
title="Modeling of Epidemic Diffusion in Peer-to-Peer File-Sharing Networks",
bookTitle="Biologically Inspired Approaches to Advanced Information Technology: Second International Workshop, BioADIT 2006, Osaka, Japan, January 26-27, 2006",
year="2006",
publisher="Springer Berlin Heidelberg",
address="Berlin, Heidelberg",
pages="322--329",
isbn="978-3-540-32438-6",
doi="10.1007/11613022_26",
url="http://dx.doi.org/10.1007/11613022_26"
}
@article{c12,
  title={Interacting branching processes and linear file-sharing networks},
  author={Leskel{\"a}, Lasse and Robert, Philippe and Simatos, Florian},
  journal={Advances in Applied Probability},
  volume={42},
  number={03},
  pages={834--854},
  year={2010},
  publisher={Cambridge Univ Press}
}
@inproceedings{c13,
  title={Modeling file-sharing with BitTorrent-like incentives},
  author={Kesidis, George and Konstantopoulos, Takis and Sousi, Perla},
  booktitle={Acoustics, Speech and Signal Processing, 2007. ICASSP 2007. IEEE International Conference on},
  volume={4},
  pages={IV--1333},
  year={2007},
  organization={IEEE}
}
@inproceedings{c14,
  title={Coupon replication systems},
  author={Massouli{\'e}, Laurent and Vojnovi{\'C}, Milan},
  booktitle={ACM SIGMETRICS Performance Evaluation Review},
  volume={33},
  number={1},
  pages={2--13},
  year={2005},
  organization={ACM}
}
@inproceedings{c15,
  title={The missing piece syndrome in peer-to-peer communication},
  author={Hajek, Bruce and Zhu, Ji},
  booktitle={Information Theory Proceedings (ISIT), 2010 IEEE International Symposium on},
  pages={1748--1752},
  year={2010},
  organization={IEEE}
}
@article{c16,
  title={Stability of a peer-to-peer communication system},
  author={Zhu, Ji and Hajek, Bruce},
  journal={IEEE Transactions on Information Theory},
  volume={58},
  number={7},
  pages={4693--4713},
  year={2012},
  publisher={IEEE}
}
@article{c17,
  title={The design trade-offs of BitTorrent-like file sharing protocols},
  author={Fan, Bin and Lui, John and Chiu, Dah-Ming},
  journal={IEEE/ACM Transactions on Networking (TON)},
  volume={17},
  number={2},
  pages={365--376},
  year={2009},
  publisher={IEEE Press}
}
@article{c18,
  title={Bilateral and multilateral exchanges for peer-assisted content distribution},
  author={Aperjis, Christina and Johari, Ramesh and Freedman, Michael J},
  journal={IEEE/ACM Transactions on Networking},
  volume={19},
  number={5},
  pages={1290--1303},
  year={2011},
  publisher={IEEE}
}
@article{c19,
  title={A mathematical framework for analyzing adaptive incentive protocols in P2P networks},
  author={Zhao, Bridge Qiao and Lui, John and Chiu, Dah-Ming},
  journal={IEEE/ACM Transactions on Networking (TON)},
  volume={20},
  number={2},
  pages={367--380},
  year={2012},
  publisher={IEEE Press}
}
@article{c20,
  title={Incentive and service differentiation in P2P networks: a game theoretic approach},
  author={Ma, Richard TB and Lee, Sam and Lui, John and Yau, David KY},
  journal={IEEE/ACM Transactions on Networking (TON)},
  volume={14},
  number={5},
  pages={978--991},
  year={2006},
  publisher={IEEE Press}
}
@article{c21,
  title={Stability and efficiency of unstructured file sharing networks},
  author={Zhang, Honggang and Neglia, Giovanni and Towsley, Don and Presti, Giuseppe Lo},
  journal={IEEE Journal on Selected Areas in Communications},
  volume={26},
  number={7},
  year={2008},
  publisher={IEEE}
}
@inproceedings{c22,
  title={Bittorrent is an auction: analyzing and improving bittorrent's incentives},
  author={Levin, Dave and LaCurts, Katrina and Spring, Neil and Bhattacharjee, Bobby},
  booktitle={ACM SIGCOMM Computer Communication Review},
  volume={38},
  number={4},
  pages={243--254},
  year={2008},
  organization={ACM}
}
@inproceedings{c23,
  title={Proportional response dynamics leads to market equilibrium},
  author={Wu, Fang and Zhang, Li},
  booktitle={Proceedings of the thirty-ninth annual ACM symposium on Theory of computing},
  pages={354--363},
  year={2007},
  organization={ACM}
}
@inproceedings{c24,
  title={Clustering and sharing incentives in bittorrent systems},
  author={Legout, Arnaud and Liogkas, Nikitas and Kohler, Eddie and Zhang, Lixia},
  booktitle={ACM SIGMETRICS Performance Evaluation Review},
  volume={35},
  number={1},
  pages={301--312},
  year={2007},
  organization={ACM}
}
@article{c25,
  title={Reduction of oscilations in BitTorrent by preferential unchoking mechanisms},
  author={Kozynski, F and Ferragut, A and Paganini, F},
  journal={Informatica na educacao},
  volume={14},
  number={1},
  pages={29--41},
  year={2011}
}
@article{c26,
  title={Fluid models of population and download progress in P2P networks},
  author={Ferragut, Andr{\'e}s and Paganini, Fernando},
  journal={IEEE Transactions on Control of Network Systems},
  volume={3},
  number={1},
  pages={34--45},
  year={2016},
  publisher={IEEE}
}
@book{c27,
  title={Reversibility and stochastic networks},
  author={Kelly, Frank P},
  year={2011},
  publisher={Cambridge University Press}
}
@article{c28,
  title={An invariant queueing system},
  author={Pechinkin, AV},
  journal={Math. Operationsforsch. Statist. Ser. Optim},
  volume={14},
  number={3},
  pages={433--444},
  year={1983}
}
@article{c29,
  title={A functional central limit theorem for the M/GI/∞ queue},
  author={Decreusefond, Laurent and Moyal, Pascal and others},
  journal={The Annals of Applied Probability},
  volume={18},
  number={6},
  pages={2156--2178},
  year={2008},
  publisher={Institute of Mathematical Statistics}
}
@book{c30,
  title={An introduction to the theory of point processes: volume II: general theory and structure},
  author={Daley, Daryl J and Vere-Jones, David},
  year={2007},
  publisher={Springer Science \& Business Media}
}
@article{c31,
  title={Large deviations techniques and applications Second edition},
  author={Dembo, Amir and Zeitouni, Ofer},
  journal={Large deviations techniques and applications},
  volume={38},
  year={1998},
  publisher={Springer, Application of Mathematics}
}
@book{c32,
  title={Probability: a graduate course},
  author={Gut, Allan},
  volume={75},
  year={2012},
  publisher={Springer Science \& Business Media}
}
@article{c33,
  title={Limit distributions and comparative asymptotic efficiency of the Smirnov—Kolmogorov statistics with a random index},
  author={Nikitin, Ya Yu},
  journal={Journal of Mathematical Sciences},
  volume={16},
  number={2},
  pages={1042--1049},
  year={1981},
  publisher={Springer}
}
@article{c34,
  title={Perturbation analysis for denumerable Markov chains with application to queueing models},
  author={Altman, Eitan and Avrachenkov, Konstantin E and N{\'u}{\~n}ez-Queija, Rudesindo},
  journal={Advances in Applied Probability},
  volume={36},
  number={03},
  pages={839--853},
  year={2004},
  publisher={Cambridge Univ Press}
}
@article{c35,
  title={NS Network Simulator--version 2},
  author={McCanne, S and Floyd, S},
  journal={URL: http://www. isi. edu/nsnam/ns},
  year={1998}
}
@inproceedings{c36,
  title={Efficient simulation of large-scale p2p networks: packet-level vs. flow-level simulations},
  author={Eger, Kolja and Ho{\ss}feld, Tobias and Binzenh{\"o}fer, Andreas and Kunzmann, Gerald},
  booktitle={Proceedings of the second workshop on Use of P2P, GRID and agents for the development of content networks},
  pages={9--16},
  year={2007},
  organization={ACM}
}